@article{kiran2015performance,
  title={Performance of cubic convergent methods for implementing nonlinear constitutive models},
  author={Kiran, Ravi and Li, Lei and Khandelwal, Kapil},
  journal={Computers \& Structures},
  volume={156},
  pages={83--100},
  year={2015},
  publisher={Elsevier}
}

@article{cordero2011class,
  title={A class of Steffensen type methods with optimal order of convergence},
  author={Cordero, Alicia and Torregrosa, Juan R},
  journal={Applied Mathematics and Computation},
  volume={217},
  number={19},
  pages={7653--7659},
  year={2011},
  publisher={Elsevier}
}

@article{bakhtiari2017widening,
  title={Widening basins of attraction of optimal iterative methods},
  author={Bakhtiari, Parisa and Cordero, Alicia and Lotfi, Taher and Mahdiani, Kathayoun and Torregrosa, Juan R},
  journal={Nonlinear Dynamics},
  volume={87},
  number={2},
  pages={913--938},
  year={2017},
  publisher={Springer}
}
